<record><leader>00000cas a22000007a 4500</leader><controlfield tag="001">11037734</controlfield><controlfield tag="008">840809d19551974nyuwr ne      0   a0eng d</controlfield><datafield ind1=" " ind2=" " tag="010"><subfield code="a">sn 88074073 </subfield></datafield><datafield ind1=" " ind2=" " tag="040"><subfield code="a">VRR</subfield><subfield code="b">eng</subfield><subfield code="c">VRR</subfield><subfield code="d">NYS</subfield><subfield code="d">OCL</subfield><subfield code="d">NYS</subfield><subfield code="d">OCLCQ</subfield></datafield><datafield ind1=" " ind2=" " tag="019"><subfield code="a">17421917</subfield></datafield><datafield ind1=" " ind2=" " tag="042"><subfield code="a">msc</subfield></datafield><datafield ind1="0" ind2="0" tag="245"><subfield code="a">Republic-democrat.</subfield></datafield><datafield ind1=" " ind2=" " tag="260"><subfield code="a">Brockport, N.Y. :</subfield><subfield code="b">W.K. Hovey,</subfield><subfield code="c">1955-</subfield></datafield><datafield ind1=" " ind2=" " tag="300"><subfield code="a">v. :</subfield><subfield code="b">ill.</subfield></datafield><datafield ind1=" " ind2=" " tag="310"><subfield code="a">Weekly</subfield></datafield><datafield ind1="0" ind2=" " tag="362"><subfield code="a">Vol. 100, no. 12 (Dec. 29, 1955)-</subfield></datafield><datafield ind1="1" ind2=" " tag="362"><subfield code="a">Ceased with Feb. 13, 1974 issue?</subfield></datafield><datafield ind1=" " ind2=" " tag="500"><subfield code="a">Not published last week in Dec.</subfield></datafield><datafield ind1=" " ind2=" " tag="580"><subfield code="a">Merged with Hamlin herald and Holley standard to form: Erie Canal news.</subfield></datafield><datafield ind1=" " ind2="4" tag="651"><subfield code="a">Brockport (N.Y.)</subfield><subfield code="v">Newspapers.</subfield></datafield><datafield ind1=" " ind2=" " tag="752"><subfield code="a">United States</subfield><subfield code="b">New York</subfield><subfield code="c">Monroe</subfield><subfield code="d">Brockport.</subfield></datafield><datafield ind1="0" ind2="0" tag="780"><subfield code="t">Brockport republic and Brockport Democrat</subfield><subfield code="w">(DLC)sn 88074072</subfield></datafield><datafield ind1="1" ind2="7" tag="785"><subfield code="t">Hamlin herald</subfield><subfield code="w">(DLC)sn 89071060</subfield><subfield code="w">(OCoLC)19295136</subfield></datafield><datafield ind1="1" ind2="7" tag="785"><subfield code="t">Holley standard</subfield><subfield code="w">(DLC)sn 83031308</subfield></datafield><datafield ind1="1" ind2="7" tag="785"><subfield code="t">Erie Canal news</subfield><subfield code="w">(DLC)sn 89071229</subfield></datafield><datafield ind1="4" ind2="1" tag="856"><subfield code="u">http://news2.nnyln.net/brockport-republic/search.html</subfield></datafield><datafield ind1="1" ind2=" " tag="029"><subfield code="a">AU@</subfield><subfield code="b">000025829745</subfield></datafield></record>